<?xml version="1.0" encoding="UTF-8"?><record xmlns="http://www.loc.gov/MARC21/slim" xmlns:cinclude="http://apache.org/cocoon/include/1.0" xmlns:zs="http://www.loc.gov/zing/srw/">
  <leader>00645cz  a2200169n  4500</leader>
  <controlfield tag="001">nr 91013485 </controlfield>
  <controlfield tag="003">DLC</controlfield>
  <controlfield tag="005">20130312101026.0</controlfield>
  <controlfield tag="008">910423n| azannaab           |a aaa     c</controlfield>
  <datafield tag="010" ind1=" " ind2=" ">
    <subfield code="a">nr 91013485 </subfield>
  </datafield>
  <datafield tag="040" ind1=" " ind2=" ">
    <subfield code="a">MWA</subfield>
    <subfield code="b">eng</subfield>
    <subfield code="e">rda</subfield>
    <subfield code="c">MWA</subfield>
    <subfield code="d">DLC</subfield>
  </datafield>
  <datafield tag="046" ind1=" " ind2=" ">
    <subfield code="f">1799</subfield>
  </datafield>
  <datafield tag="100" ind1="1" ind2=" ">
    <subfield code="a">Gookin, William Stoodley,</subfield>
    <subfield code="d">1799-</subfield>
  </datafield>
  <datafield tag="400" ind1="1" ind2=" ">
    <subfield code="a">Gookin, W. S.</subfield>
    <subfield code="q">(William Stoodley),</subfield>
    <subfield code="d">1799-</subfield>
  </datafield>
  <datafield tag="400" ind1="1" ind2=" ">
    <subfield code="w">nnea</subfield>
    <subfield code="a">Gookin, William Stoodley,</subfield>
    <subfield code="d">b. 1799</subfield>
  </datafield>
  <datafield tag="670" ind1=" " ind2=" ">
    <subfield code="a">Folsom, G. History of Saco and Biddeford, 1830:</subfield>
    <subfield code="b">frontispiece (W.S. Gookin pinx.)</subfield>
  </datafield>
  <datafield tag="670" ind1=" " ind2=" ">
    <subfield code="a">Groce, G.C. The N.Y. Hist. Soc. dict. of artists in Amer., 1957</subfield>
    <subfield code="b">(Gookin, William Stoodley, 1799-?; portrait and fancy painter)</subfield>
  </datafield>
</record>